% Encoding: UTF-8

@Book{baker2015,
  title     = {Optimization Modeling with Spreadsheets},
  edition   = {3rd},
  publisher = {Wiley},
  year      = {2015},
  author    = {Baker, Kenneth R.},
}

@Book{banks2010,
  title     = {Discrete-Event System Simulation},
  publisher = {Pearson Education, Inc.},
  year      = {2010},
  author    = {Banks, Jerry and Carson, II, John S. and Nelson, Barry L. and Nicol, David M.},
}

@Book{leemis2006,
  title     = {Discrete-Event Simulation: A First Course},
  publisher = {Pearson Education, Inc.},
  year      = {2006},
  author    = {Leemis, Lawrence M. and Park, Stephen K.},
}

@Book{law2015,
  title     = {Simulation Modeling and Analysis},
  publisher = {McGraw-Hill},
  year      = {2015},
  author    = {Averill M. Law},
}

@Book{larsenmarx2004,
  title     = {An Introduction to Mathematical Statistics and Its Applications},
  publisher = {Pearson Education, Inc.},
  year      = {2004},
  author    = {Richard J. Larsen and Morris L. Marx},
}

@Article{ig2002,
  author  = {Ingolfsson, Armann and Grossman, Jr., Thomas A.},
  title   = {Graphical Spreadsheet Simulation of Queues},
  journal = {INFORMS Transactions on Education},
  year    = {2002},
  volume  = {2},
  number  = {2},
  pages   = {27-39},
}

@book{bf2004,
    author = {Bertsimas, Dimitris and Freund, Robert M.},
    title = {Data, models, and decisions : the fundamentals of management science},
    publisher = {Dynamic Ideas},
    year = {2004},
}

@book{guiasu2009,
    AUTHOR = {Guiasu, Silviu},
     TITLE = {Probabilistic models in operations research},
 PUBLISHER = {Nova Science Publishers, Inc., New York},
      YEAR = {2009},
     PAGES = {ii+292},
}

@book{hl2010,
    AUTHOR = {Hillier, Frederick S. and Lieberman, Gerald J.},
     TITLE = {Introduction to operations research},
   EDITION = {Ninth},
 PUBLISHER = {McGraw-Hill},
      YEAR = {2010},
}

@book{parlar2000,
    AUTHOR = {Parlar, Mahmut},
     TITLE = {Interactive operations research with {M}aple},
      NOTE = {Methods and models},
 PUBLISHER = {Birkh\"auser Boston, Inc., Boston, MA},
      YEAR = {2000},
}



@Article{mw86,
  author  = {Morrison, Donald G. and Wheat, Rita D.},
  title   = {Misapplications Reviews: {P}ulling the Goalie Revisited},
  journal = {Interfaces},
  year    = {1986},
  volume  = {16},
  number  = {6},
  pages   = {28-34},
}

@Article{t07,
  author  = {Thomas, Andrew C.},
  title   = {Inter-arrival Times of Goals in Ice Hockey},
  journal = {Journal of Quantitative Analysis in Sports},
  year    = {2007},
  volume  = {3},
  number  = {3},
}

@Article{bs10,
  author  = {Beaudoin, David and Swartz, Tim},
  title   = {Strategies for Pulling the Goalie in Hockey},
  journal = {The American Statistician},
  year    = {2010},
  volume  = {64},
  number  = {3},
  pages   = {197-204},
}

